@misc{SovrinFAQ,
  author = {{Sovrin Foundation}},
  title = {What is Self-Sovereign Identity?},
  howpublished = {\url{https://sovrin.org/faq/what-is-self-sovereign-identity/}},
  year = {accessed March 27, 2023}
}

@online{EdxSSI,
  author = {{Linux Foundation}},
  title = {Getting Started with Self-Sovereign Identity},
  year = {2022},
  url = {https://www.edx.org/course/getting-started-with-self-sovereign-identity},
  organization = {edX},
  publisher = {The Linux Foundation}
}

@online{EdxHyperledgerAries,
  author = {{The Linux Foundation}},
  title = {Becoming a Hyperledger Aries Developer},
  year = {2021},
  url = {https://www.edx.org/course/becoming-a-hyperledger-aries-developer},
  organization = {edX},
  publisher = {The Linux Foundation}
}

@misc{AriesCloudAgentPython,
  author = {{Hyperledger Foundation}},
  title = {Hyperledger Aries Cloud Agent Python},
  howpublished = {\url{https://github.com/hyperledger/aries-cloudagent-python}},
  year = {2023}
}

@misc{snarkjs,
  author = {{iden3}},
  title = {SnarkJS},
  howpublished = {\url{https://github.com/iden3/snarkjs}},
  year = {2023}
}

@misc{aes-circom,
  author = {{Electron Labs}},
  title = {AES-GCM Implementation in Circom},
  howpublished = {\url{https://github.com/Electron-Labs/aes-circom}},
  year = {2022}
}

@techreport{W3CDIDCore,
  author = {{World Wide Web Consortium}},
  title = {Decentralized Identifiers (DIDs) v1.0},
  type = {W3C Recommendation},
  institution = {W3C},
  year = {2022},
  url = {https://www.w3.org/TR/did-core/},
  month = {July}
}

@techreport{W3CVCDataModel,
  author = {{World Wide Web Consortium}},
  title = {Verifiable Credentials Data Model 1.0},
  type = {W3C Recommendation},
  institution = {W3C},
  year = {2022},
  url = {https://www.w3.org/TR/vc-data-model/},
  month = {March}
}

@online{Groth16Intro,
  author = {Star Li},
  title = {ZKP - Intro to Groth16 (Chinese)},
  year = {2019},
  url = {https://learnblockchain.cn/2019/05/27/groth16/},
  urldate = {March 27, 2023}
}

@online{plonk,
  author = {Unknown},
  title = {Understanding PLONK},
  year = {2019},
  url = {https://vitalik.ca/general/2019/09/22/plonk.html},
  urldate = {March 27, 2023}
}

@online{Groth16Blog,
  author = {Maurizio Binello},
  title = {Groth16},
  publisher = {The Zero Knowledge Blog},
  year = {2019},
  url = {https://www.zeroknowledgeblog.com/index.php/groth16},
  urldate = {March 27, 2023}
}

@misc{cryptoeprint:2021/907,
      author = {Pieter Pauwels},
      title = {zkKYC: A solution concept for KYC without knowing your customer, leveraging self-sovereign identity and zero-knowledge proofs},
      howpublished = {Cryptology ePrint Archive, Paper 2021/907},
      year = {2021},
      note = {\url{https://eprint.iacr.org/2021/907}},
      url = {https://eprint.iacr.org/2021/907}
}

@misc{cryptoeprint:2022/321,
      author = {Pieter Pauwels and Joni Pirovich and Peter Braunz and Jack Deeb},
      title = {zkKYC in DeFi: An approach for implementing the zkKYC solution concept in Decentralized Finance},
      howpublished = {Cryptology ePrint Archive, Paper 2022/321},
      year = {2022},
      note = {\url{https://eprint.iacr.org/2022/321}},
      url = {https://eprint.iacr.org/2022/321}
}

@article{DBLP:journals/corr/abs-1906-07221,
  author    = {Maksym Petkus},
  title     = {Why and How zk-SNARK Works},
  journal   = {CoRR},
  volume    = {abs/1906.07221},
  year      = {2019},
  url       = {http://arxiv.org/abs/1906.07221},
  eprinttype = {arXiv},
  eprint    = {1906.07221},
  timestamp = {Mon, 24 Jun 2019 17:28:45 +0200},
  biburl    = {https://dblp.org/rec/journals/corr/abs-1906-07221.bib},
  bibsource = {dblp computer science bibliography, https://dblp.org}
}

@misc{EIP2494,
  author = {Barry WhiteHat, Marta Bell√©s, Jordi Baylina},
  title = {ERC-2494: Baby Jubjub Elliptic Curve},
  year = {2020},
  howpublished = {\url{https://eips.ethereum.org/EIPS/eip-2494}},
  note = {Accessed: March 27, 2023}
}

@misc{EIP5988,
  author = {Abdelhamid Bakhta and Eli Ben Sasson and Avihu Levy and David Levit Gurevich},
  title = {EIP-5988: Add Poseidon hash function precompile},
  year = {2022},
  howpublished = {\url{https://eips.ethereum.org/EIPS/eip-5988}},
  note = {Accessed: March 27, 2023}
}

@misc{elgamal-circom,
  author = {Koh Wei Jie},
  title = {ElGamal encryption, decryption, and rerandomization, with circom support},
  howpublished = {\url{https://ethresear.ch/t/elgamal-encryption-decryption-and-rerandomization-with-circom-support/8074}},
  year = {2020},
  month = {10},
  note = {Accessed: March 27, 2023}
}

@misc{trusted-setup,
  author = {Alex Pruden and Anthony Matlala},
  title = {Setup Ceremonies},
  howpublished = {\url{https://zkproof.org/2021/06/30/setup-ceremonies/}},
  year = {2021},
  month = {6},
  day = {30},
  note = {Accessed: March 27, 2023}
}

@misc{cryptoeprint:2016/260,
      author = {Jens Groth},
      title = {On the Size of Pairing-based Non-interactive Arguments},
      howpublished = {Cryptology ePrint Archive, Paper 2016/260},
      year = {2016},
      note = {\url{https://eprint.iacr.org/2016/260}},
      url = {https://eprint.iacr.org/2016/260}
}

@misc{cryptoeprint:2019/953,
      author = {Ariel Gabizon and Zachary J.  Williamson and Oana Ciobotaru},
      title = {PLONK: Permutations over Lagrange-bases for Oecumenical Noninteractive arguments of Knowledge},
      howpublished = {Cryptology ePrint Archive, Paper 2019/953},
      year = {2019},
      note = {\url{https://eprint.iacr.org/2019/953}},
      url = {https://eprint.iacr.org/2019/953}
}
